@article{strickland2008cloud,
  title={How cloud computing works},
  author={Strickland, Jonathan},
  journal={HowStuffWorks. com},
  year={2008}
}

@article{armbrust2010view,
  title={A view of cloud computing},
  author={Armbrust, Michael and Fox, Armando and Griffith, Rean and Joseph, Anthony D and Katz, Randy and Konwinski, Andy and Lee, Gunho and Patterson, David and Rabkin, Ariel and Stoica, Ion and others},
  journal={Communications of the ACM},
  volume={53},
  number={4},
  pages={50--58},
  year={2010},
  publisher={ACM}
}

@misc{starek1999method,
  title={Method and apparatus for real-time secure file deletion},
  author={Starek, Robert Phillip and Friedman, George and Marshall, David Earl and Chambers, Jason Lee},
  year={1999},
  month=nov # "~23",
  publisher={Google Patents},
  note={US Patent 5,991,778}
}

@inproceedings{kandukuri2009cloud,
  title={Cloud security issues},
  author={Kandukuri, Balachandra Reddy and Paturi, V Ramakrishna and Rakshit, Atanu},
  booktitle={Services Computing, 2009. SCC'09. IEEE International Conference on},
  pages={517--520},
  year={2009},
  organization={IEEE}
}

@article{subashini2011survey,
  title={A survey on security issues in service delivery models of cloud computing},
  author={Subashini, Subashini and Kavitha, V},
  journal={Journal of network and computer applications},
  volume={34},
  number={1},
  pages={1--11},
  year={2011},
  publisher={Elsevier}
}

@inproceedings{jensen2009technical,
  title={On technical security issues in cloud computing},
  author={Jensen, Meiko and Schwenk, J{\"o}rg and Gruschka, Nils and Iacono, Luigi Lo},
  booktitle={Cloud Computing, 2009. CLOUD'09. IEEE International Conference on},
  pages={109--116},
  year={2009},
  organization={IEEE}
}

@article{a2008cloud,
  title={Cloud computing--issues, research and implementations},
  author={A Vouk, Mladen},
  journal={CIT. Journal of Computing and Information Technology},
  volume={16},
  number={4},
  pages={235--246},
  year={2008},
  publisher={SRCE-Sveu{\v{c}}ili{\v{s}}ni ra{\v{c}}unski centar}
}

@article{so2011cloud,
  title={Cloud computing security issues and challenges},
  author={SO, Kuyoro},
  journal={International Journal of Computer Networks},
  volume={3},
  number={5},
  year={2011}
}

@article{grobauer2011understanding,
  title={Understanding cloud computing vulnerabilities},
  author={Grobauer, Bernd and Walloschek, Tobias and St{\"o}cker, Elmar},
  journal={Security \& privacy, IEEE},
  volume={9},
  number={2},
  pages={50--57},
  year={2011},
  publisher={IEEE}
}

@article{ysterud2014keylogging,
  title={Keylogging of user interaction in physical and virtual environments and its implications for honeypot analysis},
  author={Ysterud, Stig Arild},
  year={2014}
}