@inproceedings{al2012computer,
  title={Computer security self-efficacy effect: An extention of Technology-to-Performance chain model},
  author={Al-Shawabkeh, Mahmoud and Saudi, Madihah Mohd and Alwi, Najwa Hayaati Mohd},
  booktitle={Control and System Graduate Research Colloquium (ICSGRC), 2012 IEEE},
  pages={64--69},
  year={2012},
  organization={IEEE}
}

@article{goodhue1995task,
  title={Task-technology fit and individual performance},
  author={Goodhue, Dale L and Thompson, Ronald L},
  journal={MIS quarterly},
  pages={213--236},
  year={1995},
  publisher={JSTOR}
}

@article{davis1989user,
  title={User acceptance of computer technology: a comparison of two theoretical models},
  author={Davis, Fred D and Bagozzi, Richard P and Warshaw, Paul R},
  journal={Management science},
  volume={35},
  number={8},
  pages={982--1003},
  year={1989},
  publisher={INFORMS}
}
